<record><leader>00000cas a2200000 a 4500</leader><controlfield tag="001">45265406</controlfield><controlfield tag="008">001101d18151815mdudr nea     0    0eng c</controlfield><datafield ind1=" " ind2=" " tag="010"><subfield code="a">  2001235230</subfield></datafield><datafield ind1=" " ind2=" " tag="040"><subfield code="a">CLE</subfield><subfield code="b">eng</subfield><subfield code="c">CLE</subfield><subfield code="d">HLS</subfield><subfield code="d">OCLCQ</subfield><subfield code="d">OCLCG</subfield><subfield code="d">OKU</subfield><subfield code="d">OCLCQ</subfield><subfield code="d">OCLCF</subfield><subfield code="d">OCLCO</subfield></datafield><datafield ind1="1" ind2=" " tag="029"><subfield code="a">AU@</subfield><subfield code="b">000022273738</subfield></datafield><datafield ind1=" " ind2=" " tag="042"><subfield code="a">pcc</subfield></datafield><datafield ind1=" " ind2=" " tag="043"><subfield code="a">n-us-md</subfield></datafield><datafield ind1=" " ind2="4" tag="050"><subfield code="a">AN26.B36</subfield><subfield code="b">M33</subfield></datafield><datafield ind1="0" ind2="0" tag="245"><subfield code="a">Mechanics' gazette, and merchants' daily advertiser</subfield><subfield code="h">[microform].</subfield></datafield><datafield ind1=" " ind2=" " tag="260"><subfield code="a">Baltimore [Md.] :</subfield><subfield code="b">Thomas Wilson, &amp; Co.,</subfield><subfield code="c">1815.</subfield></datafield><datafield ind1=" " ind2=" " tag="310"><subfield code="a">Daily</subfield></datafield><datafield ind1="0" ind2=" " tag="362"><subfield code="a">Vol. 1, no. 1 (Mar. 14, 1815)-</subfield></datafield><datafield ind1="1" ind2=" " tag="362"><subfield code="a">Ceased in 1815.</subfield><subfield code="z">Cf. Brigham, C.S. Amer. newspapers.</subfield></datafield><datafield ind1=" " ind2=" " tag="500"><subfield code="a">Editor: Thomas Wilson.</subfield></datafield><datafield ind1=" " ind2=" " tag="500"><subfield code="a">References: Shaw &amp; Shoemaker 35237; Brigham, C.S. Amer. newspapers, p. 243.</subfield></datafield><datafield ind1=" " ind2=" " tag="530"><subfield code="a">Also issued a triweekly country ed. (title unknown).</subfield></datafield><datafield ind1=" " ind2=" " tag="550"><subfield code="a">Publishers: Wilson &amp; M'Evoy; John Robb.</subfield></datafield><datafield ind1=" " ind2=" " tag="533"><subfield code="a">Microfilm.</subfield><subfield code="b">New Canaan, Ct. :</subfield><subfield code="c">Readex Microprint Corp.,</subfield><subfield code="e">1 microfilm reel ; 35 mm.</subfield><subfield code="f">(Early American newspapers).</subfield></datafield><datafield ind1=" " ind2="0" tag="651"><subfield code="a">Baltimore (Md.)</subfield><subfield code="v">Newspapers.</subfield></datafield><datafield ind1=" " ind2="7" tag="655"><subfield code="a">Newspapers.</subfield><subfield code="2">fast</subfield><subfield code="0">(OCoLC)fst01423814</subfield></datafield><datafield ind1=" " ind2="7" tag="651"><subfield code="a">Maryland</subfield><subfield code="z">Baltimore.</subfield><subfield code="2">fast</subfield><subfield code="0">(OCoLC)fst01204292</subfield></datafield><datafield ind1="1" ind2=" " tag="700"><subfield code="a">Wilson, Thomas,</subfield><subfield code="d">1768-1828?</subfield></datafield><datafield ind1="1" ind2=" " tag="700"><subfield code="a">Robb, John.</subfield></datafield><datafield ind1=" " ind2=" " tag="752"><subfield code="a">United States</subfield><subfield code="b">Maryland</subfield><subfield code="d">Baltimore.</subfield></datafield><datafield ind1="1" ind2=" " tag="776"><subfield code="t">Mechanics' gazette, and merchants' daily advertiser</subfield><subfield code="w">(OCoLC)11640750</subfield></datafield><datafield ind1=" " ind2="0" tag="830"><subfield code="a">Early American newspapers.</subfield></datafield><datafield ind1=" " ind2=" " tag="936"><subfield code="a">Converted from ELvl 4 (OCLC)</subfield></datafield></record>